<?xml version = "1.0" encoding = "UTF-8"?><OAI-PMH xmlns="http://www.openarchives.org/OAI/2.0/" xmlns:xsi="http://www.w3.org/2001/XMLSchema-instance" xsi:schemaLocation="http://www.openarchives.org/OAI/2.0/ http://www.openarchives.org/OAI/2.0/OAI-PMH.xsd"><ListRecords><record><header><identifier>aleph-publish:020386292</identifier></header><metadata><record xmlns="http://www.ddb.de/professionell/mabxml/mabxml-1.xsd"><leader>00742nM2.01200024------u</leader><controlfield tag="LDR">00742nM2.01200024------u</controlfield><controlfield tag="FMT">MU</controlfield><datafield tag="001" ind1="-" ind2="1"><subfield code="a">HT018260267</subfield></datafield><datafield tag="001" ind1="-" ind2="2"><subfield code="a">HT003783323</subfield></datafield><datafield tag="002" ind1="a" ind2="1"><subfield code="a">20140514</subfield></datafield><datafield tag="002" ind1="a" ind2="2"><subfield code="a">19941006</subfield></datafield><datafield tag="003" ind1="-" ind2="1"><subfield code="a">20210409104250.0</subfield></datafield><datafield tag="003" ind1="-" ind2="2"><subfield code="a">20211118100400.0</subfield></datafield><datafield tag="010" ind1="-" ind2="1"><subfield code="a">HT003783323</subfield></datafield><datafield tag="020" ind1="b" ind2="1"><subfield code="a">780150414</subfield></datafield><datafield tag="020" ind1="-" ind2="2"><subfield code="a">551098627</subfield><subfield code="b">385</subfield></datafield><datafield tag="025" ind1="o" ind2="1"><subfield code="a">1075956736</subfield></datafield><datafield tag="025" ind1="o" ind2="2"><subfield code="a">1067791026</subfield></datafield><datafield tag="026" ind1="-" ind2="1"><subfield code="a">GBV780150414</subfield></datafield><datafield tag="026" ind1="h" ind2="1"><subfield code="a">780150414</subfield></datafield><datafield tag="026" ind1="-" ind2="2"><subfield code="a">HBZHT003783323</subfield></datafield><controlfield tag="030">a|1uc||||||||</controlfield><datafield tag="036" ind1="a" ind2="1"><subfield code="a">XA-DE</subfield></datafield><datafield tag="036" ind1="a" ind2="2"><subfield code="a">DE</subfield></datafield><datafield tag="037" ind1="b" ind2="1"><subfield code="a">ger</subfield></datafield><datafield tag="037" ind1="b" ind2="2"><subfield code="a">ger</subfield></datafield><controlfield tag="050">||||||||||a|||</controlfield><datafield tag="064" ind1="a" ind2="1"><subfield code="a">Karte</subfield><subfield code="9">(DE-588)4029783-4</subfield></datafield><datafield tag="070" ind1="-" ind2="1"><subfield code="a">6</subfield></datafield><datafield tag="070" ind1="-" ind2="2"><subfield code="a">6</subfield></datafield><datafield tag="070" ind1="b" ind2="1"><subfield code="a">6</subfield></datafield><datafield tag="070" ind1="b" ind2="2"><subfield code="a">385</subfield></datafield><datafield tag="078" ind1="n" ind2="1"><subfield code="a">NWBib-6</subfield></datafield><datafield tag="080" ind1="-" ind2="1"><subfield code="a">60</subfield></datafield><datafield tag="080" ind1="-" ind2="2"><subfield code="a">60</subfield></datafield><controlfield tag="089">3411</controlfield><datafield tag="090" ind1="-" ind2="1"><subfield code="a">3411</subfield></datafield><datafield tag="200" ind1="b" ind2="2"><subfield code="k">Bayerisches Landesvermessungsamt</subfield><subfield code="9">(DE-588)2028072-5</subfield></datafield><datafield tag="201" ind1="-" ind2="2"><subfield code="k">Bayerisches Landesvermessungsamt München</subfield></datafield><datafield tag="201" ind1="-" ind2="2"><subfield code="k">Bayern</subfield><subfield code="b">Bayerisches Landesvermessungsamt</subfield></datafield><datafield tag="201" ind1="-" ind2="2"><subfield code="k">Bayern</subfield><subfield code="b">Landesvermessungsamt</subfield></datafield><datafield tag="201" ind1="-" ind2="2"><subfield code="k">Landesvermessungsamt</subfield><subfield code="h">Bayern</subfield></datafield><datafield tag="201" ind1="-" ind2="2"><subfield code="k">Bavarian State Mapping Agency</subfield></datafield><datafield tag="201" ind1="-" ind2="2"><subfield code="k">Bayern</subfield><subfield code="b">Mapping Agency</subfield></datafield><datafield tag="201" ind1="-" ind2="2"><subfield code="k">State Mapping Agency</subfield><subfield code="h">Bayern</subfield></datafield><datafield tag="201" ind1="-" ind2="2"><subfield code="k">Mapping Agency</subfield><subfield code="h">Bayern</subfield></datafield><datafield tag="201" ind1="-" ind2="2"><subfield code="k">BLVA</subfield></datafield><datafield tag="204" ind1="b" ind2="2"><subfield code="k">Hessisches Landesvermessungsamt</subfield><subfield code="9">(DE-588)2028730-6</subfield></datafield><datafield tag="205" ind1="-" ind2="2"><subfield code="k">Hessen</subfield><subfield code="b">Landesvermessungsamt</subfield></datafield><datafield tag="205" ind1="-" ind2="2"><subfield code="k">Landesvermessungsamt</subfield><subfield code="h">Hessen</subfield></datafield><datafield tag="205" ind1="-" ind2="2"><subfield code="k">Hessisches Landesvermessungsamt</subfield><subfield code="b">Photogrammetrie und Fernerkundung</subfield></datafield><datafield tag="205" ind1="-" ind2="2"><subfield code="k">Hess. LVA</subfield></datafield><datafield tag="208" ind1="b" ind2="2"><subfield code="k">Landesvermessungsamt Baden-Württemberg</subfield><subfield code="9">(DE-588)2028149-3</subfield></datafield><datafield tag="209" ind1="-" ind2="2"><subfield code="k">Baden-Württemberg</subfield><subfield code="b">Landesvermessungsamt</subfield></datafield><datafield tag="209" ind1="-" ind2="2"><subfield code="k">Landesvermessungsamt</subfield><subfield code="h">Baden-Württemberg</subfield></datafield><datafield tag="209" ind1="-" ind2="2"><subfield code="k">Baden-Württemberg</subfield><subfield code="b">Vermessungsverwaltung</subfield></datafield><datafield tag="209" ind1="-" ind2="2"><subfield code="k">Vermessungsverwaltung</subfield><subfield code="h">Baden-Württemberg</subfield></datafield><datafield tag="212" ind1="b" ind2="2"><subfield code="k">Saarland</subfield><subfield code="b">Landesvermessungsamt</subfield><subfield code="9">(DE-588)2027457-9</subfield></datafield><datafield tag="213" ind1="-" ind2="2"><subfield code="k">Landesvermessungsamt</subfield><subfield code="h">Saarland</subfield></datafield><datafield tag="216" ind1="b" ind2="2"><subfield code="k">Rheinland-Pfalz</subfield><subfield code="b">Landesvermessungsamt</subfield><subfield code="9">(DE-588)2029749-X</subfield></datafield><datafield tag="217" ind1="-" ind2="2"><subfield code="k">Landesvermessungsamt</subfield><subfield code="h">Rheinland-Pfalz</subfield></datafield><datafield tag="220" ind1="b" ind2="2"><subfield code="k">Nordrhein-Westfalen</subfield><subfield code="b">Landesvermessungsamt</subfield><subfield code="9">(DE-588)1008243-8</subfield></datafield><datafield tag="221" ind1="-" ind2="2"><subfield code="k">Landesvermessungsamt</subfield><subfield code="h">Nordrhein-Westfalen</subfield></datafield><datafield tag="221" ind1="-" ind2="2"><subfield code="k">Nordrhein-Westfalen</subfield><subfield code="b">Innenministerium</subfield><subfield code="b">Landesvermesssungsamt</subfield></datafield><datafield tag="224" ind1="b" ind2="2"><subfield code="k">Schleswig-Holstein</subfield><subfield code="b">Landesvermessungsamt</subfield><subfield code="9">(DE-588)2027475-0</subfield></datafield><datafield tag="225" ind1="-" ind2="2"><subfield code="k">Landesvermessungsamt</subfield><subfield code="h">Schleswig-Holstein</subfield></datafield><datafield tag="228" ind1="b" ind2="2"><subfield code="k">Niedersächsisches Landesverwaltungsamt</subfield><subfield code="9">(DE-588)2029377-X</subfield></datafield><datafield tag="229" ind1="-" ind2="2"><subfield code="k">Niedersachsen</subfield><subfield code="b">Niedersächsisches Landesverwaltungsamt</subfield></datafield><datafield tag="229" ind1="-" ind2="2"><subfield code="k">Landesverwaltungsamt</subfield><subfield code="h">Niedersachsen</subfield></datafield><datafield tag="229" ind1="-" ind2="2"><subfield code="k">NLVwA</subfield></datafield><datafield tag="229" ind1="-" ind2="2"><subfield code="k">Niedersächsisches Landesverwaltungsamt</subfield><subfield code="b">Statistik</subfield></datafield><datafield tag="229" ind1="-" ind2="2"><subfield code="k">Niedersächsisches Landesverwaltungsamt</subfield><subfield code="b">Bodendenkmalpflege</subfield></datafield><datafield tag="229" ind1="-" ind2="2"><subfield code="k">Niedersächsisches Landesverwaltungsamt</subfield><subfield code="b">Dezernat Bodendenkmalpflege</subfield></datafield><datafield tag="229" ind1="-" ind2="2"><subfield code="k">Niedersächsisches Landesverwaltungsamt</subfield><subfield code="b">Dezernat Kreisbeschreibungen</subfield></datafield><datafield tag="229" ind1="-" ind2="2"><subfield code="k">Niedersächsisches Landesverwaltungsamt</subfield><subfield code="b">Dezernat Bildungstechnologie</subfield></datafield><datafield tag="229" ind1="-" ind2="2"><subfield code="k">Niedersächsisches Landesverwaltungsamt</subfield><subfield code="b">Dezernat Denkmalpflege</subfield></datafield><datafield tag="229" ind1="-" ind2="2"><subfield code="k">Niedersächsisches Landesverwaltungsamt</subfield><subfield code="b">Dezernat Naturschutz</subfield></datafield><datafield tag="229" ind1="-" ind2="2"><subfield code="k">Niedersächsisches Landesverwaltungsamt</subfield><subfield code="b">Dezernat S 2</subfield></datafield><datafield tag="229" ind1="-" ind2="2"><subfield code="k">Niedersächsisches Landesverwaltungsamt</subfield><subfield code="b">Dezernat D 2</subfield></datafield><datafield tag="229" ind1="-" ind2="2"><subfield code="k">Niedersächsisches Landesverwaltungsamt</subfield><subfield code="b">Landesplanung</subfield></datafield><datafield tag="229" ind1="-" ind2="2"><subfield code="k">Niedersächsisches Landesverwaltungsamt</subfield><subfield code="b">Naturschutz, Landschaftspflege, Vogelschutz</subfield></datafield><datafield tag="229" ind1="-" ind2="2"><subfield code="k">Niedersächsisches Landesverwaltungsamt</subfield><subfield code="b">Fachbehörde für Naturschutz</subfield></datafield><datafield tag="229" ind1="-" ind2="2"><subfield code="k">Fachbehörde für Naturschutz</subfield><subfield code="h">Niedersächsisches Landesverwaltungsamt</subfield></datafield><datafield tag="229" ind1="-" ind2="2"><subfield code="k">Niedersächsisches Landesverwaltungsamt</subfield><subfield code="b">Projektgruppe DINAN</subfield></datafield><datafield tag="229" ind1="-" ind2="2"><subfield code="k">Niedersächsisches Landesverwaltungsamt</subfield><subfield code="b">Projektgruppe MERVE</subfield></datafield><datafield tag="229" ind1="-" ind2="2"><subfield code="k">Niedersächsisches Landesverwaltungsamt</subfield><subfield code="b">Projektgruppe ELBÜ</subfield></datafield><datafield tag="229" ind1="-" ind2="2"><subfield code="k">Niedersächsisches Landesverwaltungsamt</subfield><subfield code="b">Agrarstruktur</subfield></datafield><datafield tag="229" ind1="-" ind2="2"><subfield code="k">Niedersächsisches Landesverwaltungsamt</subfield><subfield code="b">Abteilung Strassenbau</subfield></datafield><datafield tag="229" ind1="-" ind2="2"><subfield code="k">Niedersächsisches Landesverwaltungsamt</subfield><subfield code="b">Datenverarbeitung</subfield></datafield><datafield tag="229" ind1="-" ind2="2"><subfield code="k">Niedersächsisches Landesverwaltungsamt</subfield><subfield code="b">Automatische Datenverarbeitung</subfield></datafield><datafield tag="229" ind1="-" ind2="2"><subfield code="k">Niedersächsisches Landesverwaltungsamt</subfield><subfield code="b">Informations- und Kommunikationstechnik</subfield></datafield><datafield tag="229" ind1="-" ind2="2"><subfield code="k">Niedersächsisches Landesverwaltungsamt</subfield><subfield code="b">IuK-Technik</subfield></datafield><datafield tag="229" ind1="-" ind2="2"><subfield code="k">Niedersachsen</subfield><subfield code="b">Landesverwaltungsamt</subfield></datafield><datafield tag="229" ind1="-" ind2="2"><subfield code="k">Niedersachsen</subfield><subfield code="b">Landesvermessungsamt</subfield></datafield><datafield tag="229" ind1="-" ind2="2"><subfield code="k">Niedersachsen</subfield><subfield code="b">Landesverwaltungsamt</subfield><subfield code="b">Landesvermessung</subfield></datafield><datafield tag="229" ind1="-" ind2="2"><subfield code="k">Niedersachsen</subfield><subfield code="b">Landesplanung</subfield></datafield><datafield tag="229" ind1="-" ind2="2"><subfield code="k">Niedersachsen</subfield><subfield code="b">Fachbehörde für Naturschutz</subfield></datafield><datafield tag="229" ind1="-" ind2="2"><subfield code="k">Niedersachsen</subfield><subfield code="b">Landesverwaltungsamt</subfield><subfield code="b">Fachbehörde für Naturschutz</subfield></datafield><datafield tag="229" ind1="-" ind2="2"><subfield code="k">Niedersachsen</subfield><subfield code="b">Niedersächsisches Landesverwaltungsamt</subfield><subfield code="b">Fachbehörde für Naturschutz</subfield></datafield><datafield tag="232" ind1="b" ind2="2"><subfield code="k">Brandenburg</subfield><subfield code="b">Landesvermessungsamt</subfield><subfield code="9">(DE-588)2119147-5</subfield></datafield><datafield tag="233" ind1="-" ind2="2"><subfield code="k">Landesvermessungsamt</subfield><subfield code="h">Brandenburg</subfield></datafield><datafield tag="233" ind1="-" ind2="2"><subfield code="k">Brandenburg</subfield><subfield code="b">Ministerium des Innern</subfield><subfield code="b">Landesvermessungsamt</subfield></datafield><datafield tag="233" ind1="-" ind2="2"><subfield code="k">LVermA</subfield></datafield><datafield tag="233" ind1="-" ind2="2"><subfield code="k">Brandenburg</subfield><subfield code="h">Staat</subfield><subfield code="b">Landesvermessungsamt</subfield></datafield><datafield tag="236" ind1="b" ind2="2"><subfield code="k">Landesvermessungsamt Sachsen</subfield><subfield code="9">(DE-588)2122970-3</subfield></datafield><datafield tag="237" ind1="-" ind2="2"><subfield code="k">Sachsen</subfield><subfield code="b">Landesvermessungsamt</subfield></datafield><datafield tag="310" ind1="-" ind2="2"><subfield code="a">Topographische Karte &lt;1:25000&gt;</subfield></datafield><datafield tag="331" ind1="-" ind2="1"><subfield code="a">Lengerich</subfield></datafield><datafield tag="331" ind1="-" ind2="2"><subfield code="a">Topographische Karte</subfield></datafield><datafield tag="335" ind1="-" ind2="2"><subfield code="a">[Bundesrepublik Deutschland]</subfield></datafield><datafield tag="359" ind1="-" ind2="2"><subfield code="a">hrsg. vom Bayerischen Landesvermessungsamt München ...</subfield></datafield><datafield tag="370" ind1="a" ind2="2"><subfield code="a">TK 25</subfield></datafield><datafield tag="403" ind1="-" ind2="1"><subfield code="a">3. Aufl., Ausg. 2014</subfield></datafield><datafield tag="407" ind1="-" ind2="1"><subfield code="a">1:25 000 (E 007 30 -E 007 40 /N 052 36 -N 052 30)</subfield></datafield><datafield tag="407" ind1="-" ind2="2"><subfield code="a">1:25 000</subfield></datafield><datafield tag="410" ind1="-" ind2="1"><subfield code="a">Hannover</subfield></datafield><datafield tag="410" ind1="-" ind2="2"><subfield code="a">München</subfield></datafield><datafield tag="412" ind1="-" ind2="1"><subfield code="a">Landesvermessung und Geobasisinformation Niedersachsen</subfield></datafield><datafield tag="412" ind1="-" ind2="2"><subfield code="a">Bayer. Landesvermessungsamt [u.a.]</subfield></datafield><datafield tag="425" ind1="b" ind2="2"><subfield code="a">1949</subfield></datafield><datafield tag="425" ind1="a" ind2="1"><subfield code="a">2014</subfield></datafield><datafield tag="433" ind1="-" ind2="1"><subfield code="a">1 Kt. : mehrfarb.</subfield></datafield><datafield tag="433" ind1="c" ind2="2"><subfield code="a">Versch. Gr., teilw. gefaltet</subfield></datafield><datafield tag="435" ind1="-" ind2="1"><subfield code="a">46 x 45 cm</subfield></datafield><datafield tag="501" ind1="-" ind2="1"><subfield code="a">Mit Höhenlinien</subfield></datafield><datafield tag="505" ind1="-" ind2="2"><subfield code="p">Teilw. mit Nebent.</subfield><subfield code="a">TK 25</subfield></datafield><datafield tag="509" ind1="-" ind2="2"><subfield code="a">Teilw. hrsg. vom Hessischen Landesvermessungsamt. - Teilw. hrsg. vom Landesvermessungsamt Baden-Württemberg. - Teilw. hrsg. vom Landesvermessungsamt des Saarlandes. - Teilw. hrsg. vom Landesvermessungsamt Rheinland-Pfalz. - Teilw. hrsg. vom Landesvermessungsamt Nordrhein-Westfalen. - Teilw. hrsg. vom Landesvermessungsamt Schleswig-Holstein. - Teilw. hrsg. vom Niedersächsischen Landesverwaltungsamt, Landesvermessung. - Teilw. hrsg. vom Landesvermessungsamt Brandenburg. - Teilw. hrsg. vom Landesvermessungsamt Sachsen. - Teilw. hrsg. vom Landesamt für Landesvermessung und Datenverarbeitung Sachsen-Anhalt. - Teilw. hrsg. vom Thüringer Landesverwaltungsamt, Landesvermessungsamt. - Teilw. hrsg. vom Landesvermessungsamt Mecklenburg-Vorpommern. - Teilw. hrsg. von der Senatsverwaltung für Bau- u. Wohnungswesen, Berlin</subfield></datafield><datafield tag="531" ind1="-" ind2="2"><subfield code="p">Forts. von</subfield><subfield code="a">Topographische Karte &lt;1:25000&gt; : [Deutsches Reich]</subfield><subfield code="9">HT015121317</subfield></datafield><datafield tag="531" ind1="-" ind2="2"><subfield code="p">Forts. von</subfield><subfield code="a">Topographische Karte &lt;1:25000&gt; : [Bayern]</subfield><subfield code="9">HT016869874</subfield></datafield><datafield tag="532" ind1="-" ind2="2"><subfield code="p">Teilw. u.d.T.</subfield><subfield code="a">Saarland &lt;1:25000&gt;</subfield><subfield code="9">HT017137509</subfield></datafield><datafield tag="540" ind1="a" ind2="1"><subfield code="a">978-3-89435-285-1</subfield></datafield><datafield tag="700" ind1="n" ind2="1"><subfield code="a">Lengerich</subfield><subfield code="0">https://nwbib.de/spatial#Q181609</subfield></datafield><datafield tag="700" ind1="n" ind2="1"><subfield code="a">Karten</subfield><subfield code="0">https://nwbib.de/subjects#N126000</subfield></datafield><datafield tag="902" ind1="-" ind2="1"><subfield code="g">Lengerich</subfield><subfield code="h">Kreis Steinfurt</subfield><subfield code="9">(DE-588)4035322-9</subfield></datafield><datafield tag="902" ind1="-" ind2="1"><subfield code="s">Topografie</subfield><subfield code="9">(DE-588)4133697-5</subfield></datafield><controlfield tag="SYS">020386292</controlfield><datafield tag="952" ind1="-" ind2="1"><subfield code="g">Lengerich (Westfalen)</subfield></datafield><datafield tag="952" ind1="-" ind2="1"><subfield code="g">Lengerich</subfield><subfield code="h">Ibbenbüren</subfield></datafield><datafield tag="952" ind1="-" ind2="1"><subfield code="s">Topographie</subfield></datafield><datafield tag="088" ind1=" " ind2=" "><subfield code="a">6</subfield><subfield code="c">43-1-3411,2014</subfield><subfield code="e">keine Angabe</subfield></datafield></record></metadata></record></ListRecords></OAI-PMH>